@book {HandbookMS,
  author = {Jacob Fraden},
  title = {Handbook of Modern Sensors: Physics, Designs, and Applications},
  publisher = {Springer},
  year = {2016},
  pagetotal = {777},
  edition = {5},
  language = {english},
  langid = {ukrainian}
}

@book {AdvMS,
  author = {G. R. Sinha},
  editor = {Bhagwati, Charan Patel and Naveen Goel},
  title = {Advances in Modern Sensors: Physics, design, simulation and applications},
  publisher = {Institute of Physics Publishing},
  year = {2020},
  pagetotal = {368},
  language = {english},
  langid = {ukrainian}
}

@book {ElArt,
  author = {Paul Horowitz and Winfield Hill},
  title = {The Art of Electronics},
  publisher = {Cambridge University Press},
  year = {2020},
  pagetotal = {1220},
  edition = {3},
  language = {english},
  langid = {ukrainian}
}


@online {HabrSensors,
  title        = {Датчики и микроконтроллеры. Часть 1. Матчасть},
  media        = {eresource},
  url          = {https://habr.com/articles/258967/},
  language     = {russian},
  langid       = {russian}
}

@online {Station,
  title        = {Паяльная станция своими руками на Arduino DIY},
  media        = {eresource},
  url          = {https://web.archive.org/web/20171218001359/http://my-project.link/payalnaya-stantsiya-svoimi-rukami-na-arduino-diy/},
  language     = {russian},
  langid       = {russian}
}

@online {HabrSensors,
  title        = {Подключение термопары к ардуино},
  media        = {eresource},
  url          = {https://www.youtube.com/watch?v=iyaRpQpCqXs},
  language     = {russian},
  langid       = {russian}
}
